<collection xmlns="http://www.loc.gov/MARC21/slim"><record><leader>00741nam  2200217   450</leader><controlfield tag="001">132</controlfield><controlfield tag="003">http://montalegre.opacnet.com/OPAC/default.aspx?ContentAreaControl=ShowRegHoldings.ascx&amp;RegNo=16662</controlfield><controlfield tag="005">20</controlfield><datafield tag="095" ind1=" " ind2=" "><subfield code="a">PTBN00002722</subfield></datafield><datafield tag="100" ind1=" " ind2=" "><subfield code="a">19761201d1976    m  y0pora010305  ba</subfield></datafield><datafield tag="101" ind1="1" ind2=" "><subfield code="a">por</subfield><subfield code="c">eng</subfield></datafield><datafield tag="102" ind1=" " ind2=" "><subfield code="a">PT</subfield></datafield><datafield tag="200" ind1="1" ind2=" "><subfield code="a">Refeição nua</subfield><subfield code="f">William S. Burroughs</subfield><subfield code="g">trad. Maria Emília Ferros Moura</subfield></datafield><datafield tag="210" ind1=" " ind2=" "><subfield code="a">Lisboa</subfield><subfield code="c">Livros do Brasil</subfield><subfield code="d">[D.L. 1976]</subfield></datafield><datafield tag="215" ind1=" " ind2=" "><subfield code="a">263, [2] p., 2 f</subfield><subfield code="d">22 cm</subfield></datafield><datafield tag="304" ind1=" " ind2=" "><subfield code="a">Tít. orig.: The naked lunch</subfield></datafield><datafield tag="675" ind1=" " ind2=" "><subfield code="a">821</subfield><subfield code="v">BN</subfield><subfield code="z">por</subfield></datafield><datafield tag="700" ind1=" " ind2="1"><subfield code="a">Burroughs</subfield><subfield code="b">Willianm S.</subfield><subfield code="f">1914</subfield></datafield><datafield tag="701" ind1=" " ind2="1"><subfield code="a">Moura</subfield><subfield code="b">Maria Emília Ferros</subfield><subfield code="4">730</subfield></datafield><datafield tag="801" ind1=" " ind2="0"><subfield code="a">PT</subfield><subfield code="b">Biblioteca Municipal de Montalegre</subfield><subfield code="g">RPC</subfield></datafield><datafield tag="856" ind1=" " ind2=" "><subfield code="u">locateMedia.asp?cod=20060509122513&amp;ext=jpg</subfield><subfield code="z">CAPA</subfield></datafield><datafield tag="909" ind1="&#9;" ind2=" "><subfield code="a">1</subfield></datafield><datafield tag="966" ind1=" " ind2=" "><subfield code="a">0008358</subfield><subfield code="l">BMM</subfield><subfield code="s">SCG 821 BUR alu</subfield></datafield></record></collection>